@online{veja2024,
	author 	= {VEJA},
	title 	= {De 1941 a 2024: por que as enchentes são um desafio constante no Rio Grande do Sul},
	year 	= {2024},
	url 	= {https://veja.abril.com.br/ciencia/de-1941-a-2024-porque-as-enchentes-sao-desafio-constante-no-rs},
	urldate = {2024-10-15}
}

@online{g12024,
	author 	= {G1},
	title 	= {Santa Catarina registra enchente, queda de barreira e dia mais chuvoso de 2024},
	year 	= {2024},
	url 	= {https://g1.globo.com/sc/santa-catarina/noticia/2024/05/19/sc-enchente-quedas-barreira-dia-mais-chuvoso.ghtml},
	urldate = {2024-10-15}
}

@inproceedings{andrade2017,
  author 	= {Mauro M. Andrade and Fernando C. Scottá and Elírio E. Toldo Jr. and Jair Weschenfelder and José C. Nunes},
  title 	= {Hidrodinâmica do Rio Guaíba: Resultados Preliminares},
  booktitle = {XXII Simpósio Brasileiro de Recursos Hídricos},
  year 		= {2017},
  address 	= {Porto Alegre},
  publisher = {Associação Brasileira de Recursos Hídricos},
  url 		= {https://www.researchgate.net/publication/322528312},
  urldate 	= {2024-10-15}
}

@inproceedings{saravanan2018,
  author    = {R. Saravanan and P. Sujatha},
  title     = {A State of Art Techniques on Machine Learning: A Perspective of Supervised Learning Approaches in Data Classification},
  booktitle = {Proceedings of the Second International Conference on Intelligent Computing and Control Systems (ICICCS 2018)},
  year      = {2018},
  publisher = {IEEE},
  address   = {Puducherry},
  url       = {https://ieeexplore.ieee.org/document/8462891},
  urldate   = {2024-10-15}
}

@book{carbonell1983,
  author    = {Jaime G. Carbonell and Ryszard S. Michalski and Tom M. Mitchell},
  title     = {Machine Learning: An Artificial Intelligence Approach},
  year      = {1983},
  publisher = {Springer},
  address   = {Berlin},
  pages     = {619}
}

@book{Jolly2018,
  author    = {Kevin Jolly},
  title     = {Machine Learning with scikit-learn Quick Start Guide: Classification, Regression, and Clustering Techniques in Python},
  year      = {2018},
  publisher = {Packt Publishing},
  address   = {Birmingham, UK}
}

@book{goodfellow2016,
  author    = {Ian Goodfellow and Yoshua Bengio and Aaron Courville},
  title     = {Deep Learning},
  year      = {2016},
  publisher = {MIT Press},
  address   = {Cambridge},
  pages     = {775}
}
